@inproceedings{streaming-variational-bayes,
  added-at = {2014-01-07T00:00:00.000+0100},
  author = {Broderick, Tamara and Boyd, Nicholas and Wibisono, Andre and Wilson, Ashia C. and Jordan, Michael I.},
  biburl = {https://www.bibsonomy.org/bibtex/26009a8eedb0f0f619bc6b6d15cefd613/dblp},
  booktitle = {NIPS},
  crossref = {conf/nips/2013},
  editor = {Burges, Christopher J. C. and Bottou, LÃ©on and Ghahramani, Zoubin and Weinberger, Kilian Q.},
  ee = {http://papers.nips.cc/paper/4980-streaming-variational-bayes},
  interhash = {c2f77383931f3202eb33c20431a3a8f3},
  intrahash = {6009a8eedb0f0f619bc6b6d15cefd613},
  keywords = {dblp},
  pages = {1727-1735},
  timestamp = {2015-06-19T08:31:52.000+0200},
  title = {Streaming Variational Bayes.},
  url = {http://dblp.uni-trier.de/db/conf/nips/nips2013.html#BroderickBWWJ13},
  year = 2013
}
